@book{hartshorne2013algebraic,
  title={Algebraic geometry},
  author={Hartshorne, Robin},
  volume={52},
  year={2013},
  publisher={Springer Science \& Business Media}
}

@incollection{springer1998linear,
  title={Linear algebraic groups},
  author={Springer, Tonny Albert},
  booktitle={Algebraic Geometry IV: Linear Algebraic Groups Invariant Theory},
  pages={1--121},
  year={1998},
  publisher={Springer}
}

@misc{mustata2017ag,
  author    = {Mircea Mustata},
  title     = {Math 631 - Algebraic Geometry - Fall 2012 - Notes},
  year      = {2017},
  url       = {https://websites.umich.edu/~mmustata/ag-1213-2017.pdf},
}
